@article{Miller2024,
  author    = {Catriona Miller and Theo Portlock and Denis M. Nyaga and Justin M. O’Sullivan},
  title     = {A review of model evaluation metrics for machine learning in genetics and genomics},
  journal   = {Frontiers in Bioinformatics},
  volume    = {4},
  pages     = {1457619},
  year      = {2024},
  doi       = {10.3389/fbinf.2024.1457619}
}

@article{Rousseeuw1987,
  author    = {Peter J. Rousseeuw},
  title     = {Silhouettes: a graphical aid to the interpretation and validation of cluster analysis},
  journal   = {J. Comput. Appl. Math.},
  volume    = {20},
  pages     = {53--65},
  year      = {1987},
  doi       = {10.1016/0377-0427(87)90125-7}
}

@article{Davies1979,
  author    = {D. L. Davies and D. W. Bouldin},
  title     = {A cluster separation measure},
  journal   = {IEEE Trans. on Pattern Anal. Mach. Intell.},
  volume    = {1},
  number    = {2},
  pages     = {224--227},
  year      = {1979},
  doi       = {10.1109/TPAMI.1979.4766909}
}

@article{Calinski1974,
  author    = {Tadeusz Cali{\'n}ski and Jerzy Harabasz},
  title     = {A dendrite method for cluster analysis},
  journal   = {Communications in Statistics – Theory and Methods},
  volume    = {3},
  number    = {1},
  pages     = {1--27},
  year      = {1974},
  doi       = {10.1080/03610927408827101}
}

@inproceedings{huang2008similarity,
  title={Similarity measures for text document clustering},
  author={Huang, Anna and others},
  booktitle={Proceedings of the sixth new zealand computer science research student conference (NZCSRSC2008), Christchurch, New Zealand},
  volume={4},
  pages={9--56},
  year={2008}
}

@article{Hubert1985,
  author    = {Lawrence Hubert and Phipps Arabie},
  title     = {Comparing Partitions},
  journal   = {Journal of Classification},
  volume    = {2},
  pages     = {193--218},
  year      = {1985}
}

@book{Manning2008,
  author    = {Christopher D. Manning and Prabhakar Raghavan and Hinrich Schütze},
  title     = {Introduction to Information Retrieval},
  publisher = {Cambridge University Press},
  address   = {Cambridge, UK},
  year      = {2008}
}

@article{powers2020evaluation,
  title={Evaluation: from precision, recall and F-measure to ROC, informedness, markedness and correlation},
  author={Powers, David MW},
  journal={arXiv preprint arXiv:2010.16061},
  year={2020}
}

@article{takahashi2022confidence,
  title={Confidence interval for micro-averaged F 1 and macro-averaged F 1 scores},
  author={Takahashi, Kanae and Yamamoto, Kouji and Kuchiba, Aya and Koyama, Tatsuki},
  journal={Applied Intelligence},
  volume={52},
  number={5},
  pages={4961--4972},
  year={2022},
  publisher={Springer}
}

@article{hodson2022root,
  title={Root mean square error (RMSE) or mean absolute error (MAE): When to use them or not},
  author={Hodson, Timothy O},
  journal={Geoscientific Model Development Discussions},
  volume={2022},
  pages={1--10},
  year={2022},
  publisher={G{\"o}ttingen, Germany}
}
